%% This BibTeX bibliography file was created using BibDesk.
%% http://bibdesk.sourceforge.net/


%% Created for ZHAO ZHANG at 2015-07-08 23:07:01 -0500 


%% Saved with string encoding Unicode (UTF-8) 



@incollection{deelman04,
	Affiliation = {USC Information Sciences Institute, Marina Del Rey, CA 90292},
	Author = {Deelman, Ewa and Blythe, James and Gil, Yolanda and Kesselman, Carl and Mehta, Gaurang and Patil, Sonal and Su, Mei-Hui and Vahi, Karan and Livny, Miron},
	Booktitle = {Grid Computing},
	Editor = {Dikaiakos, Marios D.},
	Pages = {131-140},
	Publisher = {Springer},
	Series = {Lecture Notes in Computer Science},
	Title = {Pegasus: Mapping Scientific Workflows onto the Grid},
	Volume = {3165},
	Year = {2004}}

@article{jacob09,
	Author = {Jacob, Joseph C. and Katz, Daniel S. and Berriman, G. Bruce and Good, John C. and Laity, Anastasia C. and Deelman, Ewa and Kesselman, Carl and Singh, Gurmeet and Su, Mei-Hui and Prince, Thomas A. and Williams, Roy},
	Doi = {http://dx.doi.org/10.1504/IJCSE.2009.026999},
	Journal = {International Journal of Computational Science and Engineering},
	Number = {2},
	Pages = {73--87},
	Title = {Montage: a grid portal and software toolkit for science-grade astronomical image mosaicking},
	Volume = {4},
	Year = {2009},
	Bdsk-Url-1 = {http://dx.doi.org/10.1504/IJCSE.2009.026999}}

@inproceedings{lin08,
	Author = {Lin, Heshan and Balaji, Pavan and Poole, Ruth and Sosa, Carlos and Ma, Xiaosong and Feng, Wu-chun},
	Booktitle = {Proceedings of the International Conference on High Performance Computing, Networking, Storage and Analysis (SC '08)},
	Organization = {IEEE},
	Pages = {1--11},
	Title = {Massively parallel genomic sequence search on the {Blue Gene/P} architecture},
	Year = {2008}}

@inproceedings{dean04,
	Author = {Dean, Jeffrey and Ghemawat, Sanjay},
	Booktitle = {Proceedings of the USENIX Symposium on Operating Systems Design and Implementation (OSDI '04)},
	Pages = {137--150},
	Title = {{MapReduce}: Simplified Data Processing on Large Clusters},
	Year = {2004}}

@inproceedings{schmuck02,
	Author = {Frank Schmuck and Roger Haskin},
	Booktitle = {Proceedings of the Conference on File and Storage Technologies (FAST '02)},
	Pages = {231--244},
	Title = {{GPFS}: A Shared-Disk File System for Large Computing Clusters},
	Year = {2002}}

@inproceedings{donovan03,
	Author = {Stephanie Donovan and Gerrit Huizenga and Andrew J. Hutton and C. Craig Ross and Martin K. Petersen and Philip Schwan},
	Booktitle = {Proceedings of the Linux Symposium},
	Title = {Lustre: Building a file system for 1000-node clusters},
	Year = {2003}}

@unpublished{HDFS,
	Author = {Dhruba Borthakur},
	Note = {\url{http://hadoop.apache.org/hdfs/docs/current/hdfs_design.pdf}},
	Title = {{HDFS} Architecture}}

@article{wilde11,
	Author = {Michael Wilde and Mihael Hategan and Justin M. Wozniak and Ben Clifford and Daniel S. Katz and Ian Foster},
	Journal = {Parallel Computing},
	Month = {September},
	Pages = {633--652},
	Title = {Swift: {A} language for distributed parallel scripting},
	Year = {2011}}

@article{gropp96,
	Author = {Gropp, William and Lusk, Ewing and Doss, Nathan and Skjellum, Anthony},
	Journal = {Parallel Computing},
	Number = {6},
	Pages = {789--828},
	Publisher = {Elsevier},
	Title = {A high-performance, portable implementation of the {MPI} message passing interface standard},
	Volume = {22},
	Year = {1996}}

@techreport{katz11,
	Author = {Daniel S. Katz and Tim Armstrong and Zhao Zhang and Michael Wilde and Justin Wozniak},
	Institution = {Computation Institute, University of Chicago},
	Month = {November},
	Number = {CI-TR-13-0911},
	Title = {Many Task Computing and {Blue Waters}},
	Year = {2011}}

@inproceedings{matsunaga08,
	Author = {Matsunaga, A. and Tsugawa, M. and Fortes, J.},
	Booktitle = {Proceedings of the IEEE International Conference on eScience (eScience '08)},
	Doi = {10.1109/eScience.2008.62},
	Pages = {222 -229},
	Title = {Cloud{BLAST}: Combining {MapReduce} and Virtualization on Distributed Resources for Bioinformatics Applications},
	Year = {2008},
	Bdsk-Url-1 = {http://dx.doi.org/10.1109/eScience.2008.62}}

@inproceedings{ekanayake10,
	Author = {Ekanayake, Jaliya and Li, Hui and Zhang, Bingjing and Gunarathne, Thilina and Bae, Seung-Hee and Qiu, Judy and Fox, Geoffrey},
	Booktitle = {Proceedings of the ACM International Symposium on High Performance Distributed Computing (HPDC '10)},
	Organization = {ACM},
	Pages = {810--818},
	Title = {Twister: a Runtime for Iterative {MapReduce}},
	Year = {2010}}

@inproceedings{ekanayake08,
	Author = {Ekanayake, Jaliya and Pallickara, Shrideep and Fox, Geoffrey},
	Booktitle = {Proceedings of the IEEE International Conference on eScience (eScience '08)},
	Pages = {277--284},
	Title = {{MapReduce} for data intensive scientific analyses},
	Year = {2008}}

@misc{HADOOP,
	Author = {{Apache}},
	Note = {{http://hadoop.apache.org/}},
	Title = {{Apache Hadoop}}}

@inproceedings{dede12,
	Author = {Dede, Elif and Fadika, Z and Hartog, J and Govindaraju, M and Ramakrishnan, L and Gunter, D and Canon, R},
	Booktitle = {Proceedings of the IEEE International Conference on eScience (eScience '12)},
	Organization = {IEEE},
	Pages = {1--8},
	Title = {{MARISSA}: {MapReduce} Implementation for Streaming Science Applications},
	Year = {2012}}

@inproceedings{zaharia12,
	Author = {Zaharia, Matei and Chowdhury, Mosharaf and Das, Tathagata and Dave, Ankur and Ma, Justin and McCauley, Murphy and Franklin, Michael and Shenker, Scott and Stoica, Ion},
	Booktitle = {Proceedings of the USENIX Conference on Networked Systems Design and Implementation (NSDI '12)},
	Organization = {USENIX Association},
	Pages = {2--2},
	Title = {Resilient distributed datasets: A fault-tolerant abstraction for in-memory cluster computing},
	Year = {2012}}

@inproceedings{litzkow88,
	Author = {Litzkow, Michael J and Livny, Miron and Mutka, Matt W},
	Booktitle = {Proceedings of the International Conference on Distributed Computing Systems (ICDCS '88)},
	Organization = {IEEE},
	Pages = {104--111},
	Title = {Condor---a hunter of idle workstations},
	Year = {1988}}

@article{goecks10,
	Author = {Goecks, Jeremy and Nekrutenko, Anton and Taylor, James and others},
	Journal = {Genome Biology},
	Number = {8},
	Pages = {R86},
	Title = {Galaxy: a comprehensive approach for supporting accessible, reproducible, and transparent computational research in the life sciences},
	Volume = {11},
	Year = {2010}}

@inproceedings{allen01,
	Author = {Allen, Gabrielle and Foster, Ian and Karonis, Nicholas T and Ripeanu, Matei and Seidel, Edward and Toonen, Brian},
	Booktitle = {Proceedings of the International Conference on High Performance Computing, Networking, Storage and Analysis (SC '01)},
	Organization = {IEEE},
	Pages = {52--52},
	Title = {Supporting efficient execution in heterogeneous distributed computing environments with {Cactus} and {Globus}},
	Year = {2001}}

@misc{LSST-link,
	Key = {LSST Software: The Soul of the Machine},
	Note = {{http://www.lsst.org/lsst/public/tour\_software}},
	Title = {{LSST Software: The Soul of the Machine}}}

@inproceedings{xie12,
	Author = {Xie, Bing and Chase, Jeffrey and Dillow, David and Drokin, Oleg and Klasky, Scott and Oral, Sarp and Podhorszki, Norbert},
	Booktitle = {Proceedings of the International Conference on High Performance Computing, Networking, Storage and Analysis},
	Organization = {IEEE Computer Society Press},
	Pages = {8},
	Title = {Characterizing output bottlenecks in a supercomputer},
	Year = {2012}}

@article{davies13,
	Author = {Davies, Alex and Orsaria, Alessandro},
	Journal = {Linux Journal},
	Number = {235},
	Pages = {1},
	Publisher = {Belltown Media},
	Title = {Scale out with {GlusterFS}},
	Volume = {2013},
	Year = {2013}}

@article{lang09,
	Author = {Lang, P Therese and Brozell, Scott R and Mukherjee, Sudipto and Pettersen, Eric F and Meng, Elaine C and Thomas, Veena and Rizzo, Robert C and Case, David A and James, Thomas L and Kuntz, Irwin D},
	Journal = {RNA},
	Number = {6},
	Pages = {1219--1230},
	Publisher = {Cold Spring Harbor Lab},
	Title = {DOCK 6: Combining techniques to model {RNA}-small molecule complexes},
	Volume = {15},
	Year = {2009}}

@article{altschul90,
	Author = {Altschul, Stephen F and Gish, Warren and Miller, Webb and Myers, Eugene W and Lipman, David J},
	Journal = {Journal of Molecular Biology},
	Number = {3},
	Pages = {403--410},
	Publisher = {Elsevier},
	Title = {Basic local alignment search tool},
	Volume = {215},
	Year = {1990}}

@article{bertin96,
	Author = {Bertin, Emmanuel and Arnouts, S},
	Journal = {Astronomy and Astrophysics Supplement Series},
	Number = {2},
	Pages = {393--404},
	Publisher = {EDP Sciences},
	Title = {{SExtractor}: Software for source extraction},
	Volume = {117},
	Year = {1996}}

@article{york00,
	Author = {York, Donald G and Adelman, J and Anderson Jr, John E and Anderson, Scott F and Annis, James and Bahcall, Neta A and Bakken, JA and Barkhouser, Robert and Bastian, Steven and Berman, Eileen and others},
	Journal = {The Astronomical Journal},
	Number = {3},
	Pages = {1579},
	Publisher = {IOP Publishing},
	Title = {The {Sloan Digital Sky Survey: Technical} summary},
	Volume = {120},
	Year = {2000}}

@article{abazajian09,
	Author = {Abazajian, Kevork N and Adelman-McCarthy, Jennifer K and Ag{\"u}eros, Marcel A and Allam, Sahar S and Prieto, Carlos Allende and An, Deokkeun and Anderson, Kurt SJ and Anderson, Scott F and Annis, James and Bahcall, Neta A and others},
	Journal = {The Astrophysical Journal Supplement Series},
	Number = {2},
	Pages = {543},
	Publisher = {IOP Publishing},
	Title = {The seventh data release of the {Sloan Digital Sky Survey}},
	Volume = {182},
	Year = {2009}}

@inproceedings{sparks13,
	Author = {Sparks, Evan R and Talwalkar, Ameet and Smith, Virginia and Kottalam, Jey and Pan, Xinghao and Gonzalez, Joseph and Franklin, Michael J and Jordan, Michael I and Kraska, Tim},
	Booktitle = {Proceedings of the IEEE International Conference on Data Mining (ICDM '13)},
	Organization = {IEEE},
	Pages = {1187--1192},
	Title = {{MLI}: An {API} for distributed machine learning},
	Year = {2013}}

@misc{barbary2015,
	Author = {Kyle Barbary and Kyle Boone and Christoph Deil},
	Doi = {10.5281/zenodo.15669},
	Month = feb,
	Title = {sep: v0.3.0},
	Note = {https://github.com/kbarbary/sep},
	Year = 2015,
	Bdsk-Url-1 = {http://dx.doi.org/10.5281/zenodo.15669}}

@inproceedings{folk99,
	Author = {Folk, Mike and Cheng, Albert and Yates, Kim},
	Booktitle = {Proceedings of the International Conference on High Performance Computing, Networking, Storage and Analysis (SC '99)},
	Pages = {5--33},
	Title = {{HDF5}: A file format and {I/O} library for high performance computing applications},
	Volume = {99},
	Year = {1999}}

@misc{parquet,
	Author = {Apache},
	Howpublished = {\url{http://parquet.incubator.apache.org}},
	Title = {Parquet}}

@misc{avro,
	Author = {Apache},
	Howpublished = {\url{http://avro.apache.org}},
	Title = {Avro}}

@article{ivezic08,
	Author = {Ivezic, Zeljko and Tyson, JA and Acosta, E and Allsman, R and Anderson, SF and Andrew, J and Angel, R and Axelrod, T and Barr, JD and Becker, AC and others},
	Journal = {arXiv preprint arXiv:0805.2366},
	Title = {{LSST}: {F}rom science drivers to reference design and anticipated data products},
	Year = {2008}}

@article{freeman14,
	Author = {Freeman, Jeremy and Vladimirov, Nikita and Kawashima, Takashi and Mu, Yu and Sofroniew, Nicholas J and Bennett, Davis V and Rosen, Joshua and Yang, Chao-Tsung and Looger, Loren L and Ahrens, Misha B},
	Journal = {Nature Methods},
	Number = {9},
	Pages = {941--950},
	Publisher = {Nature Publishing Group},
	Title = {Mapping brain activity at scale with cluster computing},
	Volume = {11},
	Year = {2014}}

@techreport{massie13,
  title={{ADAM}: Genomics Formats and Processing Patterns for Cloud Scale Computing},
  author={Massie, Matt and Nothaft, Frank and Hartl, Christopher and Kozanitis, Christos and Schumacher, Andr{\'e} and Joseph, Anthony D and Patterson, David A},
  year={2013},
  institution={UCB/EECS-2013-207, EECS Department, University of California, Berkeley}
}

@inproceedings{nothaft15,
	Author = {Frank	Austin Nothaft and Matt Massie and Timothy Danford and Zhao Zhang and Uri Laserson and Carl Yeksigian and Jey Kottalam and Arun Ahuja and Jeff Hammerbacher and Michael	Linderman and Michael Franklin and Anthony Joseph and David Patterson},
	Booktitle = {Proceedings of the ACM SIGMOD International Conference on Management of Data (SIGMOD '15)},
	Title = {Rethinking Data-Intensive Science Using Scalable Analytics Systems},
	Year = {2015}}

@inproceedings{gonzalez14,
	Author = {Gonzalez, Joseph E and Xin, Reynold S and Dave, Ankur and Crankshaw, Daniel and Franklin, Michael J and Stoica, Ion},
	Booktitle = {Proceedings of the USENIX Symposium on Operating Systems Design and Implementation (OSDI '14)},
	Title = {{GraphX}: Graph processing in a distributed dataflow framework},
	Year = {2014}}

@inproceedings{crankshaw15,
	Author = {Crankshaw, Daniel and Bailis, Peter and Gonzalez, Joseph E and Li, Haoyuan and Zhang, Zhao and Franklin, Michael J and Ghodsi, Ali and Jordan, Michael I},
	Booktitle = {CIDR},
	Title = {The Missing Piece in Complex Analytics: Low Latency, Scalable Model Management and Serving with Velox},
	Year = {2015}}

@misc{jfits,
	Key = {jFITS},
	Note = {{http://www.eso.org/~pgrosbol/fits\_java/jfits.html}},
	Title = {{Java Library for access to {FITS} files}}}

@article{wells81,
	Author = {Wells, Donald C and Greisen, EW and Harten, RH},
	Journal = {Astronomy and Astrophysics Supplement Series},
	Pages = {363},
	Title = {{FITS}---a flexible image transport system},
	Volume = {44},
	Year = {1981}}

@inproceedings{zaharia10,
	Author = {Zaharia, Matei and Chowdhury, Mosharaf and Franklin, Michael J and Shenker, Scott and Stoica, Ion},
	Booktitle = {Proceedings of the USENIX Conference on Hot Topics in Cloud Computing (HotCloud '10)},
	Pages = {10},
	Title = {{S}park: {C}luster computing with working sets},
	Year = {2010}}

@inproceedings{shvachko10,
	Author = {Shvachko, Konstantin and Kuang, Hairong and Radia, Sanjay and Chansler, Robert},
	Booktitle = {Proceedings of the IEEE Symposium on Mass Storage Systems and Technologies (MSST '10)},
	Organization = {IEEE},
	Pages = {1--10},
	Title = {The {Hadoop Distributed File System}},
	Year = {2010}}

@inproceedings{raicu08,
	Author = {Raicu, Ioan and Zhang, Zhao and Wilde, Mike and Foster, Ian and Beckman, Pete and Iskra, Kamil and Clifford, Ben},
	Booktitle = {Proceedings of the International Conference on High Performance Computing, Networking, Storage and Analysis (SC '08)},
	Publisher = {IEEE Press},
	Title = {Toward Loosely Coupled Programming on Petascale Systems},
	Year = {2008}}

@article{dark05,
	Author = {Dark Energy Survey Collaboration and others},
	Journal = {arXiv preprint astro-ph/0510346},
	Title = {The dark energy survey},
	Year = {2005}}

@inproceedings{kaiser02,
	Author = {Kaiser, Nicholas and Aussel, Herve and Burke, Barry E and Boesgaard, Hans and Chambers, Ken and Chun, Mark R and Heasley, James N and Hodapp, Klaus-Werner and Hunt, Bobby and Jedicke, Robert and others},
	Booktitle = {Astronomical Telescopes and Instrumentation},
	Organization = {International Society for Optics and Photonics},
	Pages = {154--164},
	Title = {Pan-STARRS: a large synoptic survey telescope array},
	Year = {2002}}

@inproceedings{zaharia10ds,
	Author = {Zaharia, Matei and Borthakur, Dhruba and Sen Sarma, Joydeep and Elmeleegy, Khaled and Shenker, Scott and Stoica, Ion},
	Booktitle = {Proceedings of the European Conference on Computer Systems (EuroSys '10)},
	Organization = {ACM},
	Pages = {265--278},
	Title = {Delay scheduling: a simple technique for achieving locality and fairness in cluster scheduling},
	Year = {2010}}

@article{dewitt08,
	Author = {DeWitt, David and Stonebraker, Michael},
	Journal = {The Database Column},
	Title = {{MapReduce}: A major step backwards},
	Volume = {1},
	Year = {2008}}

@inproceedings{chambers10,
	Acmid = {1806638},
	Address = {New York, NY, USA},
	Author = {Chambers, Craig and Raniwala, Ashish and Perry, Frances and Adams, Stephen and Henry, Robert R. and Bradshaw, Robert and Weizenbaum, Nathan},
	Booktitle = {Proceedings of the ACM SIGPLAN Conference on Programming Language Design and Implementation (PLDI '10)},
	Doi = {10.1145/1806596.1806638},
	Isbn = {978-1-4503-0019-3},
	Keywords = {data-parallel programming, java, mapreduce},
	Location = {Toronto, Ontario, Canada},
	Numpages = {13},
	Pages = {363--375},
	Publisher = {ACM},
	Series = {PLDI '10},
	Title = {{FlumeJava}: Easy, Efficient Data-parallel Pipelines},
	Url = {http://doi.acm.org/10.1145/1806596.1806638},
	Year = {2010},
	Bdsk-Url-1 = {http://doi.acm.org/10.1145/1806596.1806638},
	Bdsk-Url-2 = {http://dx.doi.org/10.1145/1806596.1806638}}

@inproceedings{yu08,
	Author = {Yu, Yuan and Isard, Michael and Fetterly, Dennis and Budiu, Mihai and Erlingsson, {\'U}lfar and Gunda, Pradeep Kumar and Currey, Jon},
	Booktitle = {Proceedings of the USENIX Symposium on Operating Systems Design and Implementation (OSDI '08)},
	Pages = {1--14},
	Title = {{DryadLINQ}: A System for General-Purpose Distributed Data-Parallel Computing Using a High-Level Language.},
	Volume = {8},
	Year = {2008}}

@inproceedings{leo09,
	Author = {Leo, Simone and Santoni, Federico and Zanetti, Gianluigi},
	Booktitle = {International Conference on Parallel Processing Workshops (ICPPW '09)},
	Organization = {IEEE},
	Pages = {415--422},
	Title = {Biodoop: bioinformatics on {Hadoop}},
	Year = {2009}}

@inproceedings{ghemawat03,
	Acmid = {945450},
	Address = {New York, NY, USA},
	Author = {Ghemawat, Sanjay and Gobioff, Howard and Leung, Shun-Tak},
	Booktitle = {Proceedings of the ACM Symposium on Operating Systems Principles (SOSP '03)},
	Doi = {10.1145/945445.945450},
	Isbn = {1-58113-757-5},
	Keywords = {clustered storage, data storage, fault tolerance, scalability},
	Location = {Bolton Landing, NY, USA},
	Numpages = {15},
	Pages = {29--43},
	Publisher = {ACM},
	Series = {SOSP '03},
	Title = {The {Google} File System},
	Url = {http://doi.acm.org/10.1145/945445.945450},
	Year = {2003},
	Bdsk-Url-1 = {http://doi.acm.org/10.1145/945445.945450},
	Bdsk-Url-2 = {http://dx.doi.org/10.1145/945445.945450}}

@inproceedings{jha14,
	Author = {Jha, Shantenu and Qiu, Judy and Luckow, Andre and Mantha, Pradeep and Fox, Geoffrey C},
	Booktitle = {Proceedings of the IEEE International Congress on Big Data (BigData Congress '14)},
	Organization = {IEEE},
	Pages = {645--652},
	Title = {A tale of two data-intensive paradigms: Applications, abstractions, and architectures},
	Year = {2014}}

@inproceedings{li13,
	Author = {Li, Jack and Wang, Qingyang and Jayasinghe, Deepal and Park, Junhee and Zhu, Tao and Pu, Calton},
	Booktitle = {Proceedings of the IEEE International Congress on Big Data (BigData Congress '13)},
	Organization = {IEEE},
	Pages = {9--16},
	Title = {Performance overhead among three hypervisors: An experimental study using {Hadoop} benchmarks},
	Year = {2013}}

@inproceedings{armbrust15,
	Author = {Armbrust, Michael and Xin, Reynold S and Lian, Cheng and Huai, Yin and Liu, Davies and Bradley, Joseph K and Meng, Xiangrui and Kaftan, Tomer and Franklin, Michael J and Ghodsi, Ali and others},
	Booktitle = {Proceedings of the ACM SIGMOD International Conference on Management of Data (SIGMOD '15)},
	Title = {Spark {SQL}: Relational Data Processing in {Spark}},
	Year = {2015}}

@inproceedings{ananthanarayanan11,
  title={Disk-locality in datacenter computing considered irrelevant},
  author={Ananthanarayanan, Ganesh and Ghodsi, Ali and Shenker, Scott and Stoica, Ion},
  year={2011},
  organization={HotOS},
  booktitle = {Proceedings of the USENIX Workshop on Hot Topics in Operating Systems (HotOS '11)}
}

@ARTICLE{astropy13,
   author = {{Astropy Collaboration} and {Robitaille}, T.~P. and {Tollerud}, E.~J. and 
	{Greenfield}, P. and {Droettboom}, M. and {Bray}, E. and {Aldcroft}, T. and 
	{Davis}, M. and {Ginsburg}, A. and {Price-Whelan}, A.~M. and 
	{Kerzendorf}, W.~E. and {Conley}, A. and {Crighton}, N. and 
	{Barbary}, K. and {Muna}, D. and {Ferguson}, H. and {Grollier}, F. and 
	{Parikh}, M.~M. and {Nair}, P.~H. and {Unther}, H.~M. and {Deil}, C. and 
	{Woillez}, J. and {Conseil}, S. and {Kramer}, R. and {Turner}, J.~E.~H. and 
	{Singer}, L. and {Fox}, R. and {Weaver}, B.~A. and {Zabalza}, V. and 
	{Edwards}, Z.~I. and {Azalee Bostroem}, K. and {Burke}, D.~J. and 
	{Casey}, A.~R. and {Crawford}, S.~M. and {Dencheva}, N. and 
	{Ely}, J. and {Jenness}, T. and {Labrie}, K. and {Lim}, P.~L. and 
	{Pierfederici}, F. and {Pontzen}, A. and {Ptak}, A. and {Refsdal}, B. and 
	{Servillat}, M. and {Streicher}, O.},
    title = "{{Astropy}: A community Python package for astronomy}",
  journal = {Astronomy \& Astrophysics},
archivePrefix = "arXiv",
   eprint = {1307.6212},
 primaryClass = "astro-ph.IM",
 keywords = {methods: data analysis, methods: miscellaneous, virtual observatory tools},
     year = 2013,
    month = oct,
   volume = 558,
      eid = {A33},
    pages = {A33},
      doi = {10.1051/0004-6361/201322068},
   adsurl = {http://adsabs.harvard.edu/abs/2013A%26A...558A..33A},
  adsnote = {Provided by the SAO/NASA Astrophysics Data System}
}

@inproceedings{zaharia13,
 author = {Zaharia, Matei and Das, Tathagata and Li, Haoyuan and Hunter, Timothy and Shenker, Scott and Stoica, Ion},
 title = {Discretized Streams: {F}ault-tolerant Streaming Computation at Scale},
 booktitle = {Proceedings of the ACM Symposium on Operating Systems Principles (SOSP '13)},
 publisher = {ACM},
 address = {New York, NY, USA},
} 

@inproceedings{zhang15,
  title={Scientific computing meets big data technology: {A}n astronomy use case},
  author={Zhang, Zhao and Barbary, Kyle and Nothaft, Frank Austin and Sparks, Evan and Zahn, Oliver and Franklin, Michael J and Patterson, David A and Perlmutter, Saul},
  booktitle={Proceedings of the IEEE International Conference on Big Data (BigData '15)},
  pages={918--927},
  year={2015},
  organization={IEEE}
}